@article{barr2013,
  title={Random effects structure for confirmatory hypothesis testing: Keep it maximal},
  author={Barr, Dale J and Levy, Roger and Scheepers, Christoph and Tily, Harry J},
  journal={Journal of Memory and Language},
  volume={68},
  number={3},
  pages={255--278},
  year={2013},
  publisher={Elsevier}
}

@article{gelman2012,
  title={Why we (usually) don't have to worry about multiple comparisons},
  author={Gelman, Andrew and Hill, Jennifer and Yajima, Masanao},
  journal={Journal of Research on Educational Effectiveness},
  volume={5},
  number={2},
  pages={189--211},
  year={2012},
  publisher={Taylor \& Francis}
}

@article{abdi2010,
  title={Holmâ€™s sequential Bonferroni procedure},
  author={Abdi, Herv{\'e}},
  journal={Encyclopedia of Research Design},
  volume={1},
  number={8},
  pages={1--8},
  year={2010}
}

@article{albers2019,
  title={The problem with unadjusted multiple and sequential statistical testing},
  author={Albers, Casper},
  journal={Nature communications},
  volume={10},
  number={1},
  pages={1--4},
  year={2019},
  publisher={Nature Publishing Group}
}

@article{nakagawa2004,
  title={A farewell to Bonferroni: the problems of low statistical power and publication bias},
  author={Nakagawa, Shinichi},
  journal={Behavioral ecology},
  volume={15},
  number={6},
  pages={1044--1045},
  year={2004},
  publisher={Oxford University Press}
}

@article{wang2019,
  title={The p-value and model specification in statistics},
  author={Wang, Bokai and Zhou, Zhirou and Wang, Hongyue and Tu, Xin M and Feng, Changyong},
  journal={General Psychiatry},
  volume={32},
  number={3},
  year={2019},
  publisher={Shanghai Mental Health Center}
}

@article{dennis2019,
  title={Errors in statistical inference under model misspecification: evidence, hypothesis testing, and AIC},
  author={Dennis, Brian and Ponciano, Jose Miguel and Taper, Mark Louis and Lele, Subhash R},
  journal={Frontiers in Ecology and Evolution},
  volume={7},
  pages={372},
  year={2019},
  publisher={Frontiers}
}

@article{nelder1972,
  title={Generalized linear models},
  author={Nelder, John Ashworth and Wedderburn, Robert WM},
  journal={Journal of the Royal Statistical Society: Series A (General)},
  volume={135},
  number={3},
  pages={370--384},
  year={1972},
  publisher={Wiley Online Library}
}

@article{beck1998,
  title={Beyond linearity by default: Generalized additive models},
  author={Beck, Nathaniel and Jackman, Simon},
  journal={American Journal of Political Science},
  pages={596--627},
  year={1998},
  publisher={JSTOR}
}

@article{yang2012,
  title={Using a generalized additive model with autoregressive terms to study the effects of daily temperature on mortality},
  author={Yang, Lei and Qin, Guoyou and Zhao, Naiqing and Wang, Chunfang and Song, Guixiang},
  journal={BMC Medical Research Methodology},
  volume={12},
  number={1},
  pages={165},
  year={2012},
  publisher={Springer}
}

@article{wegman1983,
  title={Splines in statistics},
  author={Wegman, Edward J and Wright, Ian W},
  journal={Journal of the American Statistical Association},
  volume={78},
  number={382},
  pages={351--365},
  year={1983},
  publisher={Taylor \& Francis}
}

@article{beck1998,
  title={Beyond linearity by default: Generalized additive models},
  author={Beck, Nathaniel and Jackman, Simon},
  journal={American Journal of Political Science},
  pages={596--627},
  year={1998},
  publisher={JSTOR}
}

@article{keselman2001,
  title={The analysis of repeated measures designs: a review},
  author={Keselman, HJ and Algina, James and Kowalchuk, Rhonda K},
  journal={British Journal of Mathematical and Statistical Psychology},
  volume={54},
  number={1},
  pages={1--20},
  year={2001},
  publisher={Wiley Online Library}
}

 @article{wood2016,
    title = {Smoothing parameter and model selection for general smooth models (with discussion)},
    author = {S.N. Wood and {N.} and {Pya} and B. S{\"a}fken},
    journal = {Journal of the American Statistical Association},
    year = {2016},
    pages = {1548-1575},
    volume = {111},

 }


@article{rose2012,
  title={An assessment of the mechanisms for the transfer of lead and mercury from atmospherically contaminated organic soils to lake sediments with particular reference to {S}cotland, {UK}},
  author={Rose, Neil L and Yang, Handong and Turner, Simon D and Simpson, Gavin L},
  journal={Geochimica et Cosmochimica Acta},
  volume={82},
  pages={113--135},
  year={2012},
  publisher={Elsevier}
}

@article{pedersen2019,
  title={Hierarchical generalized additive models in ecology: an introduction with mgcv},
  author={Pedersen, Eric J and Miller, David L and Simpson, Gavin L and Ross, Noam},
  journal={PeerJ},
  volume={7},
  pages={e6876},
  year={2019},
  publisher={PeerJ Inc.}
}

@article{simpson2018,
  title={Modelling palaeoecological time series using generalised additive models},
  author={Simpson, Gavin L},
  journal={Frontiers in Ecology and Evolution},
  volume={6},
  pages={149},
  year={2018},
  publisher={Frontiers}
}


@article{hastie1987,
  title={Generalized additive models: some applications},
  author={Hastie, Trevor and Tibshirani, Robert},
  journal={Journal of the American Statistical Association},
  volume={82},
  number={398},
  pages={371--386},
  year={1987},
  publisher={Taylor \& Francis}
}

@article{ma2012,
  title={Beyond repeated-measures analysis of variance: advanced statistical methods for the analysis of longitudinal data in anesthesia research},
  author={Ma, Yan and Mazumdar, Madhu and Memtsoudis, Stavros G},
  journal={Regional Anesthesia \& Pain Medicine},
  volume={37},
  number={1},
  pages={99--105},
  year={2012},
  publisher={BMJ Publishing Group Ltd}
}

@book{maxwell2017,
  title={Designing experiments and analyzing data: A model comparison perspective},
  author={Maxwell, Scott E and Delaney, Harold D and Kelley, Ken},
  year={2017},
  publisher={Routledge}
}

@article{scheffer2002,
  title={Dealing with missing data},
  author={Scheffer, Judi},
  year={2002},
  publisher={Massey University}
}

@article{potthoff2006,
  title={Can one assess whether missing data are missing at random in medical studies?},
  author={Potthoff, Richard F and Tudor, Gail E and Pieper, Karen S and Hasselblad, Vic},
  journal={Statistical Methods in Medical Research},
  volume={15},
  number={3},
  pages={213--234},
  year={2006},
  publisher={Sage Publications Sage CA: Thousand Oaks, CA}
}
@article{molenberghs2004,
  title={Analyzing incomplete longitudinal clinical trial data},
  author={Molenberghs, Geert and Thijs, Herbert and Jansen, Ivy and Beunckens, Caroline and Kenward, Michael G and Mallinckrodt, Craig and Carroll, Raymond J},
  journal={Biostatistics},
  volume={5},
  number={3},
  pages={445--464},
  year={2004},
  publisher={Oxford University Press}
}

@article{haverkamp2017,
  title={Violation of the sphericity assumption and its effect on type-I error rates in repeated measures ANOVA and multi-level linear models (MLM)},
  author={Haverkamp, Nicolas and Beauducel, Andr{\'e}},
  journal={Frontiers in psychology},
  volume={8},
  pages={1841},
  year={2017},
  publisher={Frontiers}
}


@article{huynh1976,
  title={Estimation of the Box correction for degrees of freedom from sample data in randomized block and split-plot designs},
  author={Huynh, Huynh and Feldt, Leonard S},
  journal={Journal of Educational Statistics},
  volume={1},
  number={1},
  pages={69--82},
  year={1976},
  publisher={SAGE Publications Sage CA: Thousand Oaks, CA}
}


@article{geisser1958,
  title={An extension of box's results on the use of the $ F $ distribution in multivariate analysis},
  author={Geisser, Seymour and Greenhouse, Samuel W and others},
  journal={The Annals of Mathematical Statistics},
  volume={29},
  number={3},
  pages={885--891},
  year={1958},
  publisher={Institute of Mathematical Statistics}
}
@article{wolfinger1996,
  title={Heterogeneous variance: covariance structures for repeated measures},
  author={Wolfinger, Russell D},
  journal={Journal of Agricultural, Biological, and Environmental Statistics},
  pages={205--230},
  year={1996},
  publisher={JSTOR}
}

@book{weiss2005,
  title={Modeling longitudinal data},
  author={Weiss, Robert E},
  year={2005},
  publisher={Springer Science \& Business Media}
}

@article{roy2006,
  title={Estimating correlation coefficient between two variables with repeated observations using mixed effects model},
  author={Roy, Anuradha},
  journal={Biometrical Journal},
  volume={48},
  number={2},
  pages={286--301},
  year={2006},
  publisher={Wiley Online Library}
}

@article{halsey2015,
  title={The fickle P value generates irreproducible results},
  author={Halsey, Lewis G and Curran-Everett, Douglas and Vowler, Sarah L and Drummond, Gordon B},
  journal={Nature Methods},
  volume={12},
  number={3},
  pages={179--185},
  year={2015},
  publisher={Nature Publishing Group}
}

@book{davis2002,
  title={Statistical methods for the analysis of repeated measurements},
  author={Davis, Charles S},
  year={2002},
  publisher={Springer Science \& Business Media}
}


@article{ko2007,
  title={Temporal relationship between air pollutants and hospital admissions for chronic obstructive pulmonary disease in Hong Kong},
  author={Ko, Fanny WS and Tam, Wilson and Wong, Tze Wai and Chan, Doris PS and Tung, Alvin H and Lai, Christopher KW and Hui, David SC},
  journal={Thorax},
  volume={62},
  number={9},
  pages={780--785},
  year={2007},
  publisher={BMJ Publishing Group Ltd}
}


@article{hefley2017,
  title={The basis function approach for modeling autocorrelation in ecological data},
  author={Hefley, Trevor J and Broms, Kristin M and Brost, Brian M and Buderman, Frances E and Kay, Shannon L and Scharf, Henry R and Tipton, John R and Williams, Perry J and Hooten, Mevin B},
  journal={Ecology},
  volume={98},
  number={3},
  pages={632--646},
  year={2017},
  publisher={Wiley Online Library}
}


@article{woolway2016,
  title={Diel surface temperature range scales with lake size},
  author={Woolway, R Iestyn and Jones, Ian D and Maberly, Stephen C and French, Jon R and Livingstone, David M and Monteith, Donald T and Simpson, Gavin L and Thackeray, Stephen J and Andersen, Mikkel R and Battarbee, Richard W and others},
  journal={Plos One},
  volume={11},
  number={3},
  pages={e0152466},
  year={2016},
  publisher={Public Library of Science San Francisco, CA USA}
}

@book{wood2017,
  title={Generalized additive models: an introduction with R},
  author={Wood, Simon N},
  year={2017},
  publisher={CRC press}
}

@article{zhou2017,
  title={Bayesian Nonparametric Models for Biomedical Data Analysis},
  author={Zhou, Tianjian},
  journal={arXiv preprint arXiv:1710.09890},
  year={2017}
}


@article{kwon2020,
  title={Uncertainty quantification using Bayesian neural networks in classification: Application to biomedical image segmentation},
  author={Kwon, Yongchan and Won, Joong-Ho and Kim, Beom Joon and Paik, Myunghee Cho},
  journal={Computational Statistics \& Data Analysis},
  volume={142},
  pages={106816},
  year={2020},
  publisher={Elsevier}
}
@article{kelter2020,
  title={Bayesian alternatives to null hypothesis significance testing in biomedical research: a non-technical introduction to Bayesian inference with JASP},
  author={Kelter, Riko},
  journal={BMC Medical Research Methodology},
  volume={20},
  pages={1--12},
  year={2020},
  publisher={Springer}
}

@article{conn2018,
  title={A guide to Bayesian model checking for ecologists},
  author={Conn, Paul B and Johnson, Devin S and Williams, Perry J and Melin, Sharon R and Hooten, Mevin B},
  journal={Ecological Monographs},
  volume={88},
  number={4},
  pages={526--542},
  year={2018},
  publisher={Wiley Online Library}
}

@article{biswas2009,
  title={Bayesian clinical trials at the University of Texas MD Anderson cancer center},
  author={Biswas, Swati and Liu, Diane D and Lee, J Jack and Berry, Donald A},
  journal={Clinical Trials},
  volume={6},
  number={3},
  pages={205--216},
  year={2009},
  publisher={SAGE Publications Sage UK: London, England}
}

@article{halsey2019,
  title={The reign of the p-value is over: what alternative analyses could we employ to fill the power vacuum?},
  author={Halsey, Lewis G},
  journal={Biology Letters},
  volume={15},
  number={5},
  pages={20190174},
  year={2019},
  publisher={The Royal Society}
}


@article{nuzzo2014,
  title={Scientific method: statistical errors},
  author={Nuzzo, Regina},
  journal={Nature News},
  volume={506},
  number={7487},
  pages={150},
  year={2014}
}

@article{schielzeth2020,
  title={Robustness of linear mixed-effects models to violations of distributional assumptions},
  author={Schielzeth, Holger and Dingemanse, Niels J and Nakagawa, Shinichi and Westneat, David F and Allegue, Hassen and Teplitsky, C{\'e}line and R{\'e}ale, Denis and Dochtermann, Ned A and Garamszegi, L{\'a}szl{\'o} Zsolt and Araya-Ajoy, Yimen G},
  journal={Methods in Ecology and Evolution},
  volume={11},
  number={9},
  pages={1141--1152},
  year={2020},
  publisher={Wiley Online Library}
}

@book{pinheiro2006,
  title={Mixed-effects models in S and S-PLUS},
  author={Pinheiro, Jos{\'e} and Bates, Douglas},
  year={2006},
  publisher={Springer Science \& Business Media}
}


@article{vishwanath2009,
  title={Using optical spectroscopy to longitudinally monitor physiological changes within solid tumors},
  author={Vishwanath, Karthik and Yuan, Hong and Barry, William T and Dewhirst, Mark W and Ramanujam, Nimmi},
  journal={Neoplasia},
  volume={11},
  number={9},
  pages={889--900},
  year={2009},
  publisher={Elsevier}
}

@article{chavalarias2016,
  title={Evolution of reporting P values in the biomedical literature, 1990-2015},
  author={Chavalarias, David and Wallach, Joshua David and Li, Alvin Ho Ting and Ioannidis, John PA},
  journal={JAMA},
  volume={315},
  number={11},
  pages={1141--1148},
  year={2016},
  publisher={American Medical Association}
}

@article{sio2016,
  title={Repeated measures analyses of dermatitis symptom evolution in breast cancer patients receiving radiotherapy in a phase 3 randomized trial of mometasone furoate vs placebo ({N06C4} [alliance])},
  author={Sio, Terence T and Atherton, Pamela J and Birckhead, Brandon J and Schwartz, David J and Sloan, Jeff A and Seisler, Drew K and Martenson, James A and Loprinzi, Charles L and Griffin, Patricia C and Morton, Roscoe F and others},
  journal={Supportive Care in Cancer},
  volume={24},
  number={9},
  pages={3847--3855},
  year={2016},
  publisher={Springer}
}

@article{ritter2001,
  title={Serological analysis of human anti-human antibody responses in colon cancer patients treated with repeated doses of humanized monoclonal antibody A33},
  author={Ritter, Gerd and Cohen, Leonard S and Williams, Clarence and Richards, Elizabeth C and Old, Lloyd J and Welt, Sydney},
  journal={Cancer Research},
  volume={61},
  number={18},
  pages={6851--6859},
  year={2001},
  publisher={AACR}
}

@article{kamstra2015,
  title={Mouth opening in patients irradiated for head and neck cancer: a prospective repeated measures study},
  author={Kamstra, JI and Dijkstra, PU and Van Leeuwen, M and Roodenburg, JLN and Langendijk, JA},
  journal={Oral Oncology},
  volume={51},
  number={5},
  pages={548--555},
  year={2015},
  publisher={Elsevier}
}

@article{jones2018,
  title={In vivo multiphoton microscopy detects longitudinal metabolic changes associated with delayed skin wound healing},
  author={Jones, Jake D and Ramser, Hallie E and Woessner, Alan E and Quinn, Kyle P},
  journal={Communications Biology},
  volume={1},
  number={1},
  pages={1--8},
  year={2018},
  publisher={Nature Publishing Group}
}

@article{roth2017,
  title={Antidrug antibodies in patients treated with alirocumab},
  author={Roth, Eli M and Goldberg, Anne C and Catapano, Alberico L and Torri, Albert and Yancopoulos, George D and Stahl, Neil and Brunet, Aur{\'e}lie and Lecorps, Guillaume and Colhoun, Helen M},
  year={2017},
  publisher={Massachussetts Medical Society}
}

@article{roblyer2011,
  title={Optical imaging of breast cancer oxyhemoglobin flare correlates with neoadjuvant chemotherapy response one day after starting treatment},
  author={Roblyer, Darren and Ueda, Shigeto and Cerussi, Albert and Tanamai, Wendy and Durkin, Amanda and Mehta, Rita and Hsiang, David and Butler, John A and McLaren, Christine and Chen, Wen-Pin and others},
  journal={Proceedings of the National Academy of Sciences},
  volume={108},
  number={35},
  pages={14626--14631},
  year={2011},
  publisher={National Acad Sciences}
}

@article{tank2020,
  title={Diffuse optical spectroscopic imaging reveals distinct early breast tumor hemodynamic responses to metronomic and maximum tolerated dose regimens},
  author={Tank, Anup and Peterson, Hannah M and Pera, Vivian and Tabassum, Syeda and Leproux, Anais and Oâ€™Sullivan, Thomas and Jones, Eric and Cabral, Howard and Ko, Naomi and Mehta, Rita S and others},
  journal={Breast Cancer Research},
  volume={22},
  number={1},
  pages={1--10},
  year={2020},
  publisher={BioMed Central}
}

@article{skala2010,
  title={Longitudinal optical imaging of tumor metabolism and hemodynamics},
  author={Skala, Melissa C and Fontanella, Andrew Nicholas and Lan, Lan and Izatt, Joseph A and Dewhirst, Mark W},
  journal={Journal of Biomedical Optics},
  volume={15},
  number={1},
  pages={011112},
  year={2010},
  publisher={International Society for Optics and Photonics}
}

@article{pavlov2018,
  title={Multimodal approach in assessment of the response of breast cancer to neoadjuvant chemotherapy},
  author={Pavlov, Mikhail V and Kalganova, Tatiana I and Lyubimtseva, Yekaterina S and Plekhanov, Vladimir I and Golubyatnikov, German Yurievich and Ilyinskaya, Olga Y and Orlova, Anna G and Subochev, Pavel V and Safonov, Dmitriy V and Shakhova, Natalia M and others},
  journal={Journal of Biomedical Optics},
  volume={23},
  number={9},
  pages={091410},
  year={2018},
  publisher={International Society for Optics and Photonics}
}

@article{demidov2018,
  title={Preclinical longitudinal imaging of tumor microvascular radiobiological response with functional optical coherence tomography},
  author={Demidov, Valentin and Maeda, Azusa and Sugita, Mitsuro and Madge, Victoria and Sadanand, Siddharth and Flueraru, Costel and Vitkin, I Alex},
  journal={Scientific Reports},
  volume={8},
  number={1},
  pages={1--12},
  year={2018},
  publisher={Nature Publishing Group}
}

@article{guo2013,
  title={Selecting a sample size for studies with repeated measures},
  author={Guo, Yi and Logan, Henrietta L and Glueck, Deborah H and Muller, Keith E},
  journal={BMC Medical Research Methodology},
  volume={13},
  number={1},
  pages={100},
  year={2013},
  publisher={Springer}
}

@article{schober2018,
  title={Repeated measures designs and analysis of longitudinal data: if at first you do not succeedâ€”try, try again},
  author={Schober, Patrick and Vetter, Thomas R},
  journal={Anesthesia and Analgesia},
  volume={127},
  number={2},
  pages={569},
  year={2018},
  publisher={Wolters Kluwer Health}
}

@article{gueorguieva2004,
  title={Move over ANOVA: progress in analyzing repeated-measures data andits reflection in papers published in the archives of general psychiatry},
  author={Gueorguieva, Ralitza and Krystal, John H},
  journal={Archives of General Psychiatry},
  volume={61},
  number={3},
  pages={310--317},
  year={2004},
  publisher={American Medical Association}
}

@book{fitzmaurice2012,
  title={Applied longitudinal analysis},
  author={Fitzmaurice, Garrett M and Laird, Nan M and Ware, James H},
  volume={998},
  year={2012},
  publisher={John Wiley \& Sons}
}

@article{liu2010,
  title={Statistical issues in longitudinal data analysis for treatment efficacy studies in the biomedical sciences},
  author={Liu, Chunyan and Cripe, Timothy P and Kim, Mi-Ok},
  journal={Molecular Therapy},
  volume={18},
  number={9},
  pages={1724--1730},
  year={2010},
  publisher={Elsevier}
}

@book{west2014,
  title={Linear mixed models: a practical guide using statistical software},
  author={West, Brady T and Welch, Kathleen B and Galecki, Andrzej T},
  year={2014},
  publisher={CRC Press}
}

@article{grice2010,
  title={Longitudinal shift in diabetic wound microbiota correlates with prolonged skin defense response},
  author={Grice, Elizabeth A and Snitkin, Evan S and Yockey, Laura J and Bermudez, Dustin M and Liechty, Kenneth W and Segre, Julia A and NISC Comparative Sequencing Program and others},
  journal={Proceedings of the National Academy of Sciences},
  volume={107},
  number={33},
  pages={14799--14804},
  year={2010},
  publisher={National Acad Sciences}
}

@article{young1994,
  title={Metalloproteinase activation cascade after burn injury: a longitudinal analysis of the human wound environment},
  author={Young, Patty K and Grinnell, Frederick},
  journal={Journal of Investigative Dermatology},
  volume={103},
  number={5},
  pages={660--664},
  year={1994},
  publisher={Elsevier}
}

@incollection{wagenmakers2008,
  title={Bayesian versus frequentist inference},
  author={Wagenmakers, Eric-Jan and Lee, Michael and Lodewyckx, Tom and Iverson, Geoffrey J},
  booktitle={Bayesian evaluation of informative hypotheses},
  pages={181--207},
  year={2008},
  publisher={Springer}
}

@article{ugrinowitsch2004,
  title={Limitations of ordinary least squares models in analyzing repeated measures data},
  author={Ugrinowitsch, Carlos and Fellingham, Gilbert W and Ricard, Mark D},
  journal={Medicine and Science in Sports and Exercise},
  volume={36},
  pages={2144--2148},
  year={2004},
  publisher={WILLIAMS \& WILKINS}
}

@article{lane2016,
  title={The assumption of sphericity in repeated-measures designs: What it means and what to do when it is violated},
  author={Lane, D},
  journal={Quantitative Methods for Psychology},
  volume={12},
  pages={114--122},
  year={2016}
}
