@article{marra2012,
  doi = {10.1111/j.1467-9469.2011.00760.x},
  url = {https://doi.org/10.1111/j.1467-9469.2011.00760.x},
  year = {2012},
  month = jan,
  publisher = {Wiley},
  volume = {39},
  number = {1},
  pages = {53--74},
  author = {Giampiero Marra and Simon N. Wood},
  title = {Coverage Properties of Confidence Intervals for Generalized Additive Model Components},
  journal = {Scandinavian Journal of Statistics}
}

@article{laird1982,
  doi = {10.2307/2529876},
  url = {https://doi.org/10.2307/2529876},
  year = {1982},
  month = dec,
  publisher = {{JSTOR}},
  volume = {38},
  number = {4},
  pages = {963},
  author = {Nan M. Laird and James H. Ware},
  title = {Random-Effects Models for Longitudinal Data},
  journal = {Biometrics}
}

@book{mcelreath2018,
  doi = {10.1201/9781315372495},
  url = {https://doi.org/10.1201/9781315372495},
  year = {2018},
  month = jan,
  publisher = {Chapman and Hall/{CRC}},
  author = {Richard McElreath},
  title = {Statistical Rethinking}
}

@article{miller2019,
  title={Bayesian views of generalized additive modelling},
  author={Miller, David L},
  journal={arXiv preprint arXiv:1902.01330},
  year={2019}
}

@article{hastie1995,
  doi = {10.1177/096228029500400302},
  url = {https://doi.org/10.1177/096228029500400302},
  year = {1995},
  month = sep,
  publisher = {{SAGE} Publications},
  volume = {4},
  number = {3},
  pages = {187--196},
  author = {Trevor Hastie and Robert Tibshirani},
  title = {Generalized additive models for medical research},
  journal = {Statistical Methods in Medical Research}
}

@article{begley2015,
  doi = {10.1161/circresaha.114.303819},
  url = {https://doi.org/10.1161/circresaha.114.303819},
  year = {2015},
  month = jan,
  publisher = {Ovid Technologies (Wolters Kluwer Health)},
  volume = {116},
  number = {1},
  pages = {116--126},
  author = {C. Glenn Begley and John P.A. Ioannidis},
  title = {Reproducibility in Science},
  journal = {Circulation Research}
}

@article{lang2015,
  doi = {10.1016/j.ijnurstu.2014.09.006},
  url = {https://doi.org/10.1016/j.ijnurstu.2014.09.006},
  year = {2015},
  month = jan,
  publisher = {Elsevier {BV}},
  volume = {52},
  number = {1},
  pages = {5--9},
  author = {Thomas A. Lang and Douglas G. Altman},
  title = {Basic statistical reporting for articles published in Biomedical Journals: The {\textquotedblleft}Statistical Analyses and Methods in the Published Literature{\textquotedblright} or the    {SAMPL} Guidelines},
  journal = {International Journal of Nursing Studies}
}

@article{weissgerber2018,
  doi = {10.7554/elife.36163},
  url = {https://doi.org/10.7554/elife.36163},
  year = {2018},
  month = dec,
  publisher = {{eLife} Sciences Publications,  Ltd},
  volume = {7},
  author = {Tracey L Weissgerber and Oscar Garcia-Valencia and Vesna D Garovic and Natasa M Milic and Stacey J Winham},
  title = {Why we need to report more than {\textquotesingle}Data were Analyzed by t-tests or {ANOVA}{\textquotesingle}},
  journal = {{eLife}}
}

@book{harezlak2018,
  doi = {10.1007/978-1-4939-8853-2},
  url = {https://doi.org/10.1007/978-1-4939-8853-2},
  year = {2018},
  publisher = {Springer New York},
  author = {Jaroslaw Harezlak and David Ruppert and Matt P. Wand},
  title = {Semiparametric Regression with R}
}

@Manual{gratia,
    title = {gratia: Graceful 'ggplot'-Based Graphics and Other Functions for GAMs
    Fitted Using 'mgcv'},
    author = {Gavin L. Simpson},
    year = {2020},
    note = {R package version 0.4.1},
    url = {https://CRAN.R-project.org/package=gratia},
  }

@article{charan2013,
  doi = {10.4103/0976-500x.119726},
  url = {https://doi.org/10.4103/0976-500x.119726},
  year = {2013},
  publisher = {Medknow},
  volume = {4},
  number = {4},
  pages = {303},
  author = {Jaykaran Charan and ND Kantharia},
  title = {How to calculate sample size in animal studies?},
  journal = {Journal of Pharmacology and Pharmacotherapeutics}
}

@article{greening2018,
  doi = {10.1364/boe.9.002871},
  url = {https://doi.org/10.1364/boe.9.002871},
  year = {2018},
  month = may,
  publisher = {The Optical Society},
  volume = {9},
  number = {6},
  pages = {2871},
  author = {Gage J. Greening and Kathryn P. Miller and Caroline R. Spainhour and Mattison D. Cato and Timothy J. Muldoon},
  title = {Effects of isoflurane anesthesia on physiological parameters in murine subcutaneous tumor allografts measured via diffuse reflectance spectroscopy},
  journal = {Biomedical Optics Express}
}

@article{greenhouse1959,
  doi = {10.1007/bf02289823},
  url = {https://doi.org/10.1007/bf02289823},
  year = {1959},
  month = jun,
  publisher = {Springer Science and Business Media {LLC}},
  volume = {24},
  number = {2},
  pages = {95--112},
  author = {Samuel W. Greenhouse and Seymour Geisser},
  title = {On methods in the analysis of profile data},
  journal = {Psychometrika}
}

@Manual{nlme,
    title = {{nlme}: Linear and Nonlinear Mixed Effects Models},
    author = {Jose Pinheiro and Douglas Bates and Saikat DebRoy and Deepayan Sarkar and {R Core Team}},
    year = {2020},
    note = {R package version 3.1-150},
    url = {https://CRAN.R-project.org/package=nlme},
  }

@manual{r,
  title = {R: A Language and Environment for Statistical Computing},
  author = {{R Core Team}},
  organization = {R Foundation for Statistical Computing},
  address = {Vienna, Austria},
  year = {2020},
  url = {https://www.R-project.org/},
}

@article{barr2013,
  doi = {10.1016/j.jml.2012.11.001},
  url = {https://doi.org/10.1016/j.jml.2012.11.001},
  year = {2013},
  month = apr,
  publisher = {Elsevier {BV}},
  volume = {68},
  number = {3},
  pages = {255--278},
  author = {Dale J. Barr and Roger Levy and Christoph Scheepers and Harry J. Tily},
  title = {Random effects structure for confirmatory hypothesis testing: Keep it maximal},
  journal = {Journal of Memory and Language}
}

@article{gelman2012,
  doi = {10.1080/19345747.2011.618213},
  url = {https://doi.org/10.1080/19345747.2011.618213},
  year = {2012},
  month = apr,
  publisher = {Informa {UK} Limited},
  volume = {5},
  number = {2},
  pages = {189--211},
  author = {Andrew Gelman and Jennifer Hill and Masanao Yajima},
  title = {Why We (Usually) Don{\textquotesingle}t Have to Worry About Multiple Comparisons},
  journal = {Journal of Research on Educational Effectiveness}
}

@article{abdi2010,
  title={{Holmâ€™s sequential Bonferroni procedure}},
  author={Abdi, Herv{\'e}},
  journal={Encyclopedia of Research Design},
  volume={1},
  number={8},
  pages={1--8},
  DOI ={10.4135/9781412961288.n178},
  year={2010}
}

@article{albers2019,
  doi = {10.1038/s41467-019-09941-0},
  url = {https://doi.org/10.1038/s41467-019-09941-0},
  year = {2019},
  month = apr,
  publisher = {Springer Science and Business Media {LLC}},
  volume = {10},
  number = {1},
  author = {Casper Albers},
  title = {The problem with unadjusted multiple and sequential statistical testing},
  journal = {Nature Communications}
}

@article{nakagawa2004,
  doi = {10.1093/beheco/arh107},
  url = {https://doi.org/10.1093/beheco/arh107},
  year = {2004},
  month = nov,
  publisher = {Oxford University Press ({OUP})},
  volume = {15},
  number = {6},
  pages = {1044--1045},
  author = {Shinichi Nakagawa},
  title = {A farewell to Bonferroni: the problems of low statistical power and publication bias},
  journal = {Behavioral Ecology}
}

@article{wang2019,
  doi = {10.1136/gpsych-2019-100081},
  url = {https://doi.org/10.1136/gpsych-2019-100081},
  year = {2019},
  month = jul,
  publisher = {{BMJ}},
  volume = {32},
  number = {3},
  pages = {e100081},
  author = {Bokai Wang and Zhirou Zhou and Hongyue Wang and Xin M Tu and Changyong Feng},
  title = {The p-value and model specification in statistics},
  journal = {General Psychiatry}
}

@article{dennis2019,
  doi = {10.3389/fevo.2019.00372},
  url = {https://doi.org/10.3389/fevo.2019.00372},
  year = {2019},
  month = oct,
  publisher = {Frontiers Media {SA}},
  volume = {7},
  author = {Brian Dennis and Jos{\'{e}} Miguel Ponciano and Mark L. Taper and Subhash R. Lele},
  title = {Errors in Statistical Inference Under Model Misspecification: Evidence,  Hypothesis Testing,  and {AIC}},
  journal = {Frontiers in Ecology and Evolution}
}

@article{nelder1972,
  doi = {10.2307/2344614},
  url = {https://doi.org/10.2307/2344614},
  year = {1972},
  publisher = {{JSTOR}},
  volume = {135},
  number = {3},
  pages = {370},
  author = {J. A. Nelder and R. W. M. Wedderburn},
  title = {Generalized Linear Models},
  journal = {Journal of the Royal Statistical Society. Series A (General)}
}
