@Book{stroup2013,
 author = {Stroup, Walter},
 title = {Generalized linear mixed models : modern concepts, methods and applications},
 publisher = {CRC Press, Taylor \& Francis Group},
 year = {2013},
 address = {Boca Raton},
 isbn = {9781439815120}
 }

@book{dobson2008,
 author = {Dobson, Annette},
 title = {An introduction to generalized linear models},
 publisher = {CRC Press},
 year = {2008},
 address = {Boca Raton},
 isbn = {1584889500}
 }

@book{mcculloch2001,
 author = {McCulloch, Charles},
 title = {Generalized, linear, and mixed models},
 publisher = {John Wiley \& Sons},
 year = {2001},
 address = {New York},
 isbn = {047119364X}
 }

@article{steson2015,
  doi = {10.3389/fpsyg.2015.01171},
  url = {https://doi.org/10.3389/fpsyg.2015.01171},
  year = {2015},
  month = aug,
  publisher = {Frontiers Media {SA}},
  volume = {6},
  author = {Steson Lo and Sally Andrews},
  title = {To transform or not to transform: using generalized linear mixed models to analyse reaction time data}
}

@article{ohara2010,
  doi = {10.1038/npre.2010.4136.1},
  url = {https://doi.org/10.1038/npre.2010.4136.1},
  year = {2010},
  month = jan,
  publisher = {Springer Science and Business Media {LLC}},
  author = {Robert O{\textquotesingle}Hara and Johan Kotze},
  title = {Do not log-transform count data}
}

@article{nelder1972,
  doi = {10.2307/2344614},
  url = {https://doi.org/10.2307/2344614},
  year = {1972},
  publisher = {{JSTOR}},
  volume = {135},
  number = {3},
  pages = {370},
  author = {J. A. Nelder and R. W. M. Wedderburn},
  title = {Generalized Linear Models}
}


@article{box1976,
  doi = {10.1080/01621459.1976.10480949},
  url = {https://doi.org/10.1080/01621459.1976.10480949},
  year = {1976},
  month = dec,
  publisher = {Informa {UK} Limited},
  volume = {71},
  number = {356},
  pages = {791--799},
  author = {George E. P. Box},
  title = {Science and Statistics}
}

@article{wood2003,
  doi = {10.1111/1467-9868.00374},
  url = {https://doi.org/10.1111/1467-9868.00374},
  year = {2003},
  month = jan,
  publisher = {Wiley},
  volume = {65},
  number = {1},
  pages = {95--114},
  author = {Simon N. Wood},
  title = {Thin plate regression splines}
}


@article{marra2012,
  doi = {10.1111/j.1467-9469.2011.00760.x},
  url = {https://doi.org/10.1111/j.1467-9469.2011.00760.x},
  year = {2012},
  month = jan,
  publisher = {Wiley},
  volume = {39},
  number = {1},
  pages = {53--74},
  author = {Giampiero Marra and Simon N. Wood},
  title = {Coverage Properties of Confidence Intervals for Generalized Additive Model Components},
  journal = {Scandinavian Journal of Statistics}
}

@article{laird1982,
  doi = {10.2307/2529876},
  url = {https://doi.org/10.2307/2529876},
  year = {1982},
  month = dec,
  publisher = {{JSTOR}},
  volume = {38},
  number = {4},
  pages = {963},
  author = {Nan M. Laird and James H. Ware},
  title = {Random-Effects Models for Longitudinal Data},
  journal = {Biometrics}
}

@book{mcelreath2018,
  doi = {10.1201/9781315372495},
  url = {https://doi.org/10.1201/9781315372495},
  year = {2018},
  month = jan,
  publisher = {Chapman and Hall/{CRC}},
  author = {Richard McElreath},
  title = {Statistical Rethinking}
}

@article{miller2019,
  title={Bayesian views of generalized additive modelling},
  author={Miller, David L},
  journal={arXiv preprint arXiv:1902.01330},
  year={2019}
}

@article{hastie1995,
  doi = {10.1177/096228029500400302},
  url = {https://doi.org/10.1177/096228029500400302},
  year = {1995},
  month = sep,
  publisher = {{SAGE} Publications},
  volume = {4},
  number = {3},
  pages = {187--196},
  author = {Trevor Hastie and Robert Tibshirani},
  title = {Generalized additive models for medical research},
  journal = {Statistical Methods in Medical Research}
}

@article{begley2015,
  doi = {10.1161/circresaha.114.303819},
  url = {https://doi.org/10.1161/circresaha.114.303819},
  year = {2015},
  month = jan,
  publisher = {Ovid Technologies (Wolters Kluwer Health)},
  volume = {116},
  number = {1},
  pages = {116--126},
  author = {C. Glenn Begley and John P.A. Ioannidis},
  title = {Reproducibility in Science},
  journal = {Circulation Research}
}

@article{lang2015,
  doi = {10.1016/j.ijnurstu.2014.09.006},
  url = {https://doi.org/10.1016/j.ijnurstu.2014.09.006},
  year = {2015},
  month = jan,
  publisher = {Elsevier {BV}},
  volume = {52},
  number = {1},
  pages = {5--9},
  author = {Thomas A. Lang and Douglas G. Altman},
  title = {Basic statistical reporting for articles published in Biomedical Journals: The {\textquotedblleft}Statistical Analyses and Methods in the Published Literature{\textquotedblright} or the    {SAMPL} Guidelines},
  journal = {International Journal of Nursing Studies}
}

@article{weissgerber2018,
  doi = {10.7554/elife.36163},
  url = {https://doi.org/10.7554/elife.36163},
  year = {2018},
  month = dec,
  publisher = {{eLife} Sciences Publications,  Ltd},
  volume = {7},
  author = {Tracey L Weissgerber and Oscar Garcia-Valencia and Vesna D Garovic and Natasa M Milic and Stacey J Winham},
  title = {Why we need to report more than {\textquotesingle}Data were Analyzed by t-tests or {ANOVA}{\textquotesingle}},
  journal = {{eLife}}
}

@book{harezlak2018,
  doi = {10.1007/978-1-4939-8853-2},
  url = {https://doi.org/10.1007/978-1-4939-8853-2},
  year = {2018},
  publisher = {Springer New York},
  author = {Jaroslaw Harezlak and David Ruppert and Matt P. Wand},
  title = {Semiparametric Regression with R}
}

@Manual{gratia,
    title = {gratia: Graceful 'ggplot'-Based Graphics and Other Functions for GAMs
    Fitted Using 'mgcv'},
    author = {Gavin L. Simpson},
    year = {2020},
    note = {R package version 0.4.1},
    url = {https://CRAN.R-project.org/package=gratia},
  }

@article{charan2013,
  doi = {10.4103/0976-500x.119726},
  url = {https://doi.org/10.4103/0976-500x.119726},
  year = {2013},
  publisher = {Medknow},
  volume = {4},
  number = {4},
  pages = {303},
  author = {Jaykaran Charan and ND Kantharia},
  title = {How to calculate sample size in animal studies?},
  journal = {Journal of Pharmacology and Pharmacotherapeutics}
}

@article{greening2018,
  doi = {10.1364/boe.9.002871},
  url = {https://doi.org/10.1364/boe.9.002871},
  year = {2018},
  month = may,
  publisher = {The Optical Society},
  volume = {9},
  number = {6},
  pages = {2871},
  author = {Gage J. Greening and Kathryn P. Miller and Caroline R. Spainhour and Mattison D. Cato and Timothy J. Muldoon},
  title = {Effects of isoflurane anesthesia on physiological parameters in murine subcutaneous tumor allografts measured via diffuse reflectance spectroscopy},
  journal = {Biomedical Optics Express}
}

@article{geisser1958,
  doi = {10.1214/aoms/1177706545},
  url = {https://doi.org/10.1214/aoms/1177706545},
  year = {1958},
  month = sep,
  publisher = {Institute of Mathematical Statistics},
  volume = {29},
  number = {3},
  pages = {885--891},
  author = {Seymour Geisser and Samuel W. Greenhouse},
  title = {An Extension of Box{\textquotesingle}s Results on the Use of the {\textdollar}F{\textdollar} Distribution in Multivariate Analysis},
  journal = {The Annals of Mathematical Statistics}
}

@article{greenhouse1959,
  doi = {10.1007/bf02289823},
  url = {https://doi.org/10.1007/bf02289823},
  year = {1959},
  month = jun,
  publisher = {Springer Science and Business Media {LLC}},
  volume = {24},
  number = {2},
  pages = {95--112},
  author = {Samuel W. Greenhouse and Seymour Geisser},
  title = {On methods in the analysis of profile data},
  journal = {Psychometrika}
}

@Manual{nlme,
    title = {{nlme}: Linear and Nonlinear Mixed Effects Models},
    author = {Jose Pinheiro and Douglas Bates and Saikat DebRoy and Deepayan Sarkar and {R Core Team}},
    year = {2020},
    note = {R package version 3.1-150},
    url = {https://CRAN.R-project.org/package=nlme},
  }

@manual{r,
  title = {R: A Language and Environment for Statistical Computing},
  author = {{R Core Team}},
  organization = {R Foundation for Statistical Computing},
  address = {Vienna, Austria},
  year = {2020},
  url = {https://www.R-project.org/},
}

@article{barr2013,
  doi = {10.1016/j.jml.2012.11.001},
  url = {https://doi.org/10.1016/j.jml.2012.11.001},
  year = {2013},
  month = apr,
  publisher = {Elsevier {BV}},
  volume = {68},
  number = {3},
  pages = {255--278},
  author = {Dale J. Barr and Roger Levy and Christoph Scheepers and Harry J. Tily},
  title = {Random effects structure for confirmatory hypothesis testing: Keep it maximal},
  journal = {Journal of Memory and Language}
}

@article{gelman2012,
  doi = {10.1080/19345747.2011.618213},
  url = {https://doi.org/10.1080/19345747.2011.618213},
  year = {2012},
  month = apr,
  publisher = {Informa {UK} Limited},
  volume = {5},
  number = {2},
  pages = {189--211},
  author = {Andrew Gelman and Jennifer Hill and Masanao Yajima},
  title = {Why We (Usually) Don{\textquotesingle}t Have to Worry About Multiple Comparisons},
  journal = {Journal of Research on Educational Effectiveness}
}

@article{abdi2010,
  title={{Holmâ€™s sequential Bonferroni procedure}},
  author={Abdi, Herv{\'e}},
  journal={Encyclopedia of Research Design},
  volume={1},
  number={8},
  pages={1--8},
  DOI ={10.4135/9781412961288.n178},
  year={2010}
}

@article{albers2019,
  doi = {10.1038/s41467-019-09941-0},
  url = {https://doi.org/10.1038/s41467-019-09941-0},
  year = {2019},
  month = apr,
  publisher = {Springer Science and Business Media {LLC}},
  volume = {10},
  number = {1},
  author = {Casper Albers},
  title = {The problem with unadjusted multiple and sequential statistical testing},
  journal = {Nature Communications}
}

@article{nakagawa2004,
  doi = {10.1093/beheco/arh107},
  url = {https://doi.org/10.1093/beheco/arh107},
  year = {2004},
  month = nov,
  publisher = {Oxford University Press ({OUP})},
  volume = {15},
  number = {6},
  pages = {1044--1045},
  author = {Shinichi Nakagawa},
  title = {A farewell to Bonferroni: the problems of low statistical power and publication bias},
  journal = {Behavioral Ecology}
}

@article{wang2019,
  doi = {10.1136/gpsych-2019-100081},
  url = {https://doi.org/10.1136/gpsych-2019-100081},
  year = {2019},
  month = jul,
  publisher = {{BMJ}},
  volume = {32},
  number = {3},
  pages = {e100081},
  author = {Bokai Wang and Zhirou Zhou and Hongyue Wang and Xin M Tu and Changyong Feng},
  title = {The p-value and model specification in statistics},
  journal = {General Psychiatry}
}

@article{dennis2019,
  doi = {10.3389/fevo.2019.00372},
  url = {https://doi.org/10.3389/fevo.2019.00372},
  year = {2019},
  month = oct,
  publisher = {Frontiers Media {SA}},
  volume = {7},
  author = {Brian Dennis and Jos{\'{e}} Miguel Ponciano and Mark L. Taper and Subhash R. Lele},
  title = {Errors in Statistical Inference Under Model Misspecification: Evidence,  Hypothesis Testing,  and {AIC}},
  journal = {Frontiers in Ecology and Evolution}
}

@article{nelder1972,
  doi = {10.2307/2344614},
  url = {https://doi.org/10.2307/2344614},
  year = {1972},
  publisher = {{JSTOR}},
  volume = {135},
  number = {3},
  pages = {370},
  author = {J. A. Nelder and R. W. M. Wedderburn},
  title = {Generalized Linear Models},
  journal = {Journal of the Royal Statistical Society. Series A (General)}
}


@article{yang2012,
  doi = {10.1186/1471-2288-12-165},
  url = {https://doi.org/10.1186/1471-2288-12-165},
  year = {2012},
  month = oct,
  publisher = {Springer Science and Business Media {LLC}},
  volume = {12},
  number = {1},
  author = {Lei Yang and Guoyou Qin and Naiqing Zhao and Chunfang Wang and Guixiang Song},
  title = {Using a generalized additive model with autoregressive terms to study the effects of daily temperature on mortality},
  journal = {{BMC} Medical Research Methodology}
}

@article{wegman1983,
  doi = {10.1080/01621459.1983.10477977},
  url = {https://doi.org/10.1080/01621459.1983.10477977},
  year = {1983},
  month = jun,
  publisher = {Informa {UK} Limited},
  volume = {78},
  number = {382},
  pages = {351--365},
  author = {Edward J. Wegman and Ian W. Wright},
  title = {Splines in Statistics},
  journal = {Journal of the American Statistical Association}
}

@article{beck1998,
  doi = {10.2307/2991772},
  url = {https://doi.org/10.2307/2991772},
  year = {1998},
  month = apr,
  publisher = {{JSTOR}},
  volume = {42},
  number = {2},
  pages = {596},
  author = {Nathaniel Beck and Simon Jackman},
  title = {Beyond Linearity by Default: Generalized Additive Models},
  journal = {American Journal of Political Science}
}

@article{keselman2001,
  doi = {10.1348/000711001159357},
  url = {https://doi.org/10.1348/000711001159357},
  year = {2001},
  month = may,
  publisher = {Wiley},
  volume = {54},
  number = {1},
  pages = {1--20},
  author = {H. J. Keselman and James Algina and Rhonda K. Kowalchuk},
  title = {The analysis of repeated measures designs: A review},
  journal = {British Journal of Mathematical and Statistical Psychology}
}

@article{wood2016,
  doi = {10.1080/01621459.2016.1180986},
  url = {https://doi.org/10.1080/01621459.2016.1180986},
  year = {2016},
  month = oct,
  publisher = {Informa {UK} Limited},
  volume = {111},
  number = {516},
  pages = {1548--1563},
  author = {Simon N. Wood and Natalya Pya and Benjamin S\"{a}fken},
  title = {Smoothing Parameter and Model Selection for General Smooth Models},
  journal = {Journal of the American Statistical Association}
}

@article{rose2012,
  doi = {10.1016/j.gca.2010.12.026},
  url = {https://doi.org/10.1016/j.gca.2010.12.026},
  year = {2012},
  month = apr,
  publisher = {Elsevier {BV}},
  volume = {82},
  pages = {113--135},
  author = {Neil L. Rose and Handong Yang and Simon D. Turner and Gavin L. Simpson},
  title = {An assessment of the mechanisms for the transfer of lead and mercury from atmospherically contaminated organic soils to lake sediments with particular reference to Scotland,  {UK}},
  journal = {Geochimica et Cosmochimica Acta}
}

@article{pedersen2019,
  doi = {10.7717/peerj.6876},
  url = {https://doi.org/10.7717/peerj.6876},
  year = {2019},
  month = may,
  publisher = {{PeerJ}},
  volume = {7},
  pages = {e6876},
  author = {Eric J. Pedersen and David L. Miller and Gavin L. Simpson and Noam Ross},
  title = {Hierarchical generalized additive models in ecology: an introduction with mgcv},
  journal = {{PeerJ}}
}

@article{simpson2018,
  doi = {10.3389/fevo.2018.00149},
  url = {https://doi.org/10.3389/fevo.2018.00149},
  year = {2018},
  month = oct,
  publisher = {Frontiers Media {SA}},
  volume = {6},
  author = {Gavin L. Simpson},
  title = {Modelling Palaeoecological Time Series Using Generalised Additive Models},
  journal = {Frontiers in Ecology and Evolution}
}

@article{hastie1987,
  doi = {10.1080/01621459.1987.10478440},
  url = {https://doi.org/10.1080/01621459.1987.10478440},
  year = {1987},
  month = jun,
  publisher = {Informa {UK} Limited},
  volume = {82},
  number = {398},
  pages = {371--386},
  author = {Trevor Hastie and Robert Tibshirani},
  title = {Generalized Additive Models: Some Applications},
  journal = {Journal of the American Statistical Association}
}

@article{ma2012,
  doi = {10.1097/aap.0b013e31823ebc74},
  url = {https://doi.org/10.1097/aap.0b013e31823ebc74},
  year = {2012},
  publisher = {{BMJ}},
  volume = {37},
  number = {1},
  pages = {99--105},
  author = {Yan Ma and Madhu Mazumdar and Stavros G. Memtsoudis},
  title = {Beyond Repeated-Measures Analysis of Variance},
  journal = {Regional Anesthesia and Pain Medicine}
}

@book{maxwell2017,
  doi = {10.4324/9781315642956},
  url = {https://doi.org/10.4324/9781315642956},
  year = {2017},
  month = sep,
  publisher = {Routledge},
  author = {Scott E. Maxwell and Harold D. Delaney and Ken Kelley},
  title = {Designing Experiments and Analyzing Data}
}

@article{scheffer2002,
  title={Dealing with missing data},
  author={Scheffer, Judi},
  journal={Research Letters in the Information and Mathematical Sciences},
  year={2002},
  volume={3},
  pages={153-160},
  publisher={Massey University}
}

@article{potthoff2006,
  doi = {10.1191/0962280206sm448oa},
  url = {https://doi.org/10.1191/0962280206sm448oa},
  year = {2006},
  month = jun,
  publisher = {{SAGE} Publications},
  volume = {15},
  number = {3},
  pages = {213--234},
  author = {Richard F Potthoff and Gail E Tudor and Karen S Pieper and Vic Hasselblad},
  title = {Can one assess whether missing data are missing at random in medical studies?},
  journal = {Statistical Methods in Medical Research}
}

@article{molenberghs2004,
  doi = {10.1093/biostatistics/kxh001},
  url = {https://doi.org/10.1093/biostatistics/kxh001},
  year = {2004},
  month = jul,
  publisher = {Oxford University Press ({OUP})},
  volume = {5},
  number = {3},
  pages = {445--464},
  author = {G. Molenberghs},
  title = {Analyzing incomplete longitudinal clinical trial data},
  journal = {Biostatistics}
}

@article{haverkamp2017,
  doi = {10.3389/fpsyg.2017.01841},
  url = {https://doi.org/10.3389/fpsyg.2017.01841},
  year = {2017},
  month = oct,
  publisher = {Frontiers Media {SA}},
  volume = {8},
  author = {Nicolas Haverkamp and Andr{\'{e}} Beauducel},
  title = {Violation of the Sphericity Assumption and Its Effect on Type-I Error Rates in Repeated Measures {ANOVA} and Multi-Level Linear Models ({MLM})},
  journal = {Frontiers in Psychology}
}

@article{huynh1976,
  doi = {10.3102/10769986001001069},
  url = {https://doi.org/10.3102/10769986001001069},
  year = {1976},
  month = mar,
  publisher = {American Educational Research Association ({AERA})},
  volume = {1},
  number = {1},
  pages = {69--82},
  author = {Huynh Huynh and Leonard S. Feldt},
  title = {Estimation of the Box Correction for Degrees of Freedom from Sample Data in Randomized Block and Split-Plot Designs},
  journal = {Journal of Educational Statistics}
}

@article{wolfinger1996,
  doi = {10.2307/1400366},
  url = {https://doi.org/10.2307/1400366},
  year = {1996},
  month = jun,
  publisher = {Springer Science and Business Media {LLC}},
  volume = {1},
  number = {2},
  pages = {205},
  author = {Russell D. Wolfinger},
  title = {Heterogeneous Variance: Covariance Structures for Repeated Measures},
  journal = {Journal of Agricultural,  Biological,  and Environmental Statistics}
}

@book{weiss2005,
  title = {Modeling Longitudinal Data},
  author = {Weiss, R.E.},
  isbn = {9780387402710},
  doi = {10.1007/0-387-28314-5},
  lccn ={2005923259},
  series={Springer Texts in Statistics},
  url={https://books.google.com/books?id=MQ\_bvWDPsEAC},
  year={2005},
  publisher={Springer New York}
}

@article{roy2006,
  doi = {10.1002/bimj.200510192},
  url = {https://doi.org/10.1002/bimj.200510192},
  year = {2006},
  month = apr,
  publisher = {Wiley},
  volume = {48},
  number = {2},
  pages = {286--301},
  author = {Anuradha Roy},
  title = {Estimating Correlation Coefficient between Two Variables with Repeated Observations using Mixed Effects Model},
  journal = {Biometrical Journal}
}

@article{halsey2015,
  doi = {10.1038/nmeth.3288},
  url = {https://doi.org/10.1038/nmeth.3288},
  year = {2015},
  month = feb,
  publisher = {Springer Science and Business Media {LLC}},
  volume = {12},
  number = {3},
  pages = {179--185},
  author = {Lewis G Halsey and Douglas Curran-Everett and Sarah L Vowler and Gordon B Drummond},
  title = {The fickle P value generates irreproducible results},
  journal = {Nature Methods}
}

@book{davis2002,
  doi = {10.1007/b97287},
  url = {https://doi.org/10.1007/b97287},
  title={Statistical methods for the analysis of repeated measurements},
  author={Davis, Charles S},
  year={2002},
  publisher={Springer Science \& Business Media}
}

@article{ko2007,
  doi = {10.1136/thx.2006.076166},
  url = {https://doi.org/10.1136/thx.2006.076166},
  year = {2007},
  month = sep,
  publisher = {{BMJ}},
  volume = {62},
  number = {9},
  pages = {780--785},
  author = {F. W S Ko and W. Tam and T. W. Wong and D. P S Chan and A. H Tung and C. K W Lai and D. S C Hui},
  title = {Temporal relationship between air pollutants and hospital admissions for chronic obstructive pulmonary disease in Hong Kong},
  journal = {Thorax}
}

@article{hefley2017,
  doi = {10.1002/ecy.1674},
  url = {https://doi.org/10.1002/ecy.1674},
  year = {2017},
  month = feb,
  publisher = {Wiley},
  volume = {98},
  number = {3},
  pages = {632--646},
  author = {Trevor J. Hefley and Kristin M. Broms and Brian M. Brost and Frances E. Buderman and Shannon L. Kay and Henry R. Scharf and John R. Tipton and Perry J. Williams and Mevin B. Hooten},
  title = {The basis function approach for modeling autocorrelation in ecological data},
  journal = {Ecology}
}

@article{woolway2016,
  doi = {10.1371/journal.pone.0152466},
  url = {https://doi.org/10.1371/journal.pone.0152466},
  year = {2016},
  month = mar,
  publisher = {Public Library of Science ({PLoS})},
  volume = {11},
  number = {3},
  pages = {e0152466},
  author = {R. Iestyn Woolway and Ian D. Jones and Stephen C. Maberly and Jon R. French and David M. Livingstone and Donald T. Monteith and Gavin L. Simpson and Stephen J. Thackeray and Mikkel R. Andersen and Richard W. Battarbee and Curtis L. DeGasperi and Christopher D. Evans and Elvira de Eyto and Heidrun Feuchtmayr and David P. Hamilton and Martin Kernan and Jan Krokowski and Alon Rimmer and Kevin C. Rose and James A. Rusak and David B. Ryves and Daniel R. Scott and Ewan M. Shilland and Robyn L. Smyth and Peter A. Staehr and Rhian Thomas and Susan Waldron and Gesa A. Weyhenmeyer},
  editor = {Todd Miller},
  title = {Diel Surface Temperature Range Scales with Lake Size},
  journal = {{PLOS} {ONE}}
}

@book{wood2017,
  doi = {10.1201/9781315370279},
  url = {https://doi.org/10.1201/9781315370279},
  year = {2017},
  month = may,
  publisher = {Chapman and Hall/{CRC}},
  author = {Simon N. Wood},
  title = {Generalized Additive Models}
}

@article{zhou2017,
  title={Bayesian Nonparametric Models for Biomedical Data Analysis},
  author={Zhou, Tianjian},
  journal={arXiv preprint arXiv:1710.09890},
  year={2017}
}

@article{kwon2020,
  doi = {10.1016/j.csda.2019.106816},
  url = {https://doi.org/10.1016/j.csda.2019.106816},
  year = {2020},
  month = feb,
  publisher = {Elsevier {BV}},
  volume = {142},
  pages = {106816},
  author = {Yongchan Kwon and Joong-Ho Won and Beom Joon Kim and Myunghee Cho Paik},
  title = {Uncertainty quantification using Bayesian neural networks in classification: Application to biomedical image segmentation},
  journal = {Computational Statistics {\&} Data Analysis}
}

@article{kelter2020,
  doi = {10.1186/s12874-020-00980-6},
  url = {https://doi.org/10.1186/s12874-020-00980-6},
  year = {2020},
  month = jun,
  publisher = {Springer Science and Business Media {LLC}},
  volume = {20},
  number = {1},
  author = {Riko Kelter},
  title = {Bayesian alternatives to null hypothesis significance testing in biomedical research: a non-technical introduction to Bayesian inference with {JASP}},
  journal = {{BMC} Medical Research Methodology}
}

@article{conn2018,
  doi = {10.1002/ecm.1314},
  url = {https://doi.org/10.1002/ecm.1314},
  year = {2018},
  month = jun,
  publisher = {Wiley},
  volume = {88},
  number = {4},
  pages = {526--542},
  author = {Paul B. Conn and Devin S. Johnson and Perry J. Williams and Sharon R. Melin and Mevin B. Hooten},
  title = {A guide to Bayesian model checking for ecologists},
  journal = {Ecological Monographs}
}

@article{biswas2009,
  doi = {10.1177/1740774509104992},
  url = {https://doi.org/10.1177/1740774509104992},
  year = {2009},
  month = jun,
  publisher = {{SAGE} Publications},
  volume = {6},
  number = {3},
  pages = {205--216},
  author = {Swati Biswas and Diane D Liu and J Jack Lee and Donald A Berry},
  title = {Bayesian clinical trials at the University of Texas M. D. Anderson Cancer Center},
  journal = {Clinical Trials}
}

@article{halsey2019,
  doi = {10.1098/rsbl.2019.0174},
  url = {https://doi.org/10.1098/rsbl.2019.0174},
  year = {2019},
  month = may,
  publisher = {The Royal Society},
  volume = {15},
  number = {5},
  pages = {20190174},
  author = {Lewis G. Halsey},
  title = {The reign of the
		            p
		            -value is over: what alternative analyses could we employ to fill the power vacuum?},
  journal = {Biology Letters}
}

@article{nuzzo2014,
  doi = {10.1038/506150a},
  url = {https://doi.org/10.1038/506150a},
  year = {2014},
  month = feb,
  publisher = {Springer Science and Business Media {LLC}},
  volume = {506},
  number = {7487},
  pages = {150--152},
  author = {Regina Nuzzo},
  title = {Scientific method: Statistical errors},
  journal = {Nature}
}

@article{schielzeth2020,
  doi = {10.1111/2041-210x.13434},
  url = {https://doi.org/10.1111/2041-210x.13434},
  year = {2020},
  month = jul,
  publisher = {Wiley},
  volume = {11},
  number = {9},
  pages = {1141--1152},
  author = {Holger Schielzeth and Niels J. Dingemanse and Shinichi Nakagawa and David F. Westneat and Hassen Allegue and C{\'{e}}line Teplitsky and Denis R{\'{e}}ale and Ned A. Dochtermann and L{\'{a}}szl{\'{o}} Zsolt Garamszegi and Yimen G. Araya-Ajoy},
  editor = {Chris Sutherland},
  title = {Robustness of linear mixed-effects models to violations of distributional assumptions},
  journal = {Methods in Ecology and Evolution}
}

@book{pinheiro2006,
   author = {Pinheiro, JosÃ© and Bates, Douglas},
   title = {{Mixed-effects models in S and S-PLUS}},
   publisher = {Springer Science and Business Media},
   ISBN = {0387227474},
   DOI = {https://doi.org/10.1007/b98882},
   year = {2006},
   type = {Book}
}

@article{vishwanath2009,
  doi = {10.1593/neo.09580},
  url = {https://doi.org/10.1593/neo.09580},
  year = {2009},
  month = sep,
  publisher = {Elsevier {BV}},
  volume = {11},
  number = {9},
  pages = {889--900},
  author = {Karthik Vishwanath and Hong Yuan and William T. Barry and Mark W. Dewhirst and Nimmi Ramanujam},
  title = {Using Optical Spectroscopy to Longitudinally Monitor Physiological Changes within Solid Tumors},
  journal = {Neoplasia}
}

@article{chavalarias2016,
  doi = {10.1001/jama.2016.1952},
  url = {https://doi.org/10.1001/jama.2016.1952},
  year = {2016},
  month = mar,
  publisher = {American Medical Association ({AMA})},
  volume = {315},
  number = {11},
  pages = {1141},
  author = {David Chavalarias and Joshua David Wallach and Alvin Ho Ting Li and John P. A. Ioannidis},
  title = {Evolution of {ReportingPValues} in the Biomedical Literature,  1990-2015},
  journal = {{JAMA}}
}

@article{sio2016,
  doi = {10.1007/s00520-016-3213-3},
  url = {https://doi.org/10.1007/s00520-016-3213-3},
  year = {2016},
  month = apr,
  publisher = {Springer Science and Business Media {LLC}},
  volume = {24},
  number = {9},
  pages = {3847--3855},
  author = {Terence T. Sio and Pamela J. Atherton and Brandon J. Birckhead and David J. Schwartz and Jeff A. Sloan and Drew K. Seisler and James A. Martenson and Charles L. Loprinzi and Patricia C. Griffin and Roscoe F. Morton and Jon C. Anders and Thomas J. Stoffel and Robert E. Haselow and Rex B. Mowat and Michelle A. Neben Wittich and James D. Bearden and Robert C. Miller},
  title = {Repeated measures analyses of dermatitis symptom evolution in breast cancer patients receiving radiotherapy in a phase 3 randomized trial of mometasone furoate vs placebo (N06C4 [alliance])},
  journal = {Supportive Care in Cancer}
}

@article{ritter2001,
      Author = {Ritter, G and Cohen, LS and Williams, C and Richards, EC and Old, LJ and
         Welt, S},
      Title = {{Serological analysis of human anti-human antibody responses in colon
         cancer patients treated with repeated doses of humanized monoclonal
         antibody A33}},
      Journal = {{Cancer Research}},
      Year = {{2001}},
      Volume = {{61}},
      Number = {{18}},
      Pages = {{6851-6859}},
      Month = {{SEP 15}},
      Publisher = {{AMER ASSOC CANCER RESEARCH}},
      Address = {{PO BOX 11806, BIRMINGHAM, AL 35202 USA}},
      Type = {{Article}}
      }

@article{kamstra2015,
  doi = {10.1016/j.oraloncology.2015.01.016},
  url = {https://doi.org/10.1016/j.oraloncology.2015.01.016},
  year = {2015},
  month = may,
  publisher = {Elsevier {BV}},
  volume = {51},
  number = {5},
  pages = {548--555},
  author = {J.I. Kamstra and P.U. Dijkstra and M. van Leeuwen and J.L.N. Roodenburg and J.A. Langendijk},
  title = {Mouth opening in patients irradiated for head and neck cancer: A prospective repeated measures study},
  journal = {Oral Oncology}
}

@article{jones2018,
  doi = {10.1038/s42003-018-0206-4},
  url = {https://doi.org/10.1038/s42003-018-0206-4},
  year = {2018},
  month = nov,
  publisher = {Springer Science and Business Media {LLC}},
  volume = {1},
  number = {1},
  author = {Jake D. Jones and Hallie E. Ramser and Alan E. Woessner and Kyle P. Quinn},
  title = {In vivo multiphoton microscopy detects longitudinal metabolic changes associated with delayed skin wound healing},
  journal = {Communications Biology}
}

@article{roth2017,
  doi = {10.1056/nejmc1616623},
  url = {https://doi.org/10.1056/nejmc1616623},
  year = {2017},
  month = apr,
  publisher = {Massachusetts Medical Society},
  volume = {376},
  number = {16},
  pages = {1589--1590},
  author = {Eli M. Roth and Anne C. Goldberg and Alberico L. Catapano and Albert Torri and George D. Yancopoulos and Neil Stahl and Aur{\'{e}}lie Brunet and Guillaume Lecorps and Helen M. Colhoun},
  title = {Antidrug Antibodies in Patients Treated with Alirocumab},
  journal = {New England Journal of Medicine}
}

@article{roblyer2011,
  doi = {10.1073/pnas.1013103108},
  url = {https://doi.org/10.1073/pnas.1013103108},
  year = {2011},
  month = aug,
  publisher = {Proceedings of the National Academy of Sciences},
  volume = {108},
  number = {35},
  pages = {14626--14631},
  author = {D. Roblyer and S. Ueda and A. Cerussi and W. Tanamai and A. Durkin and R. Mehta and D. Hsiang and J. A. Butler and C. McLaren and W.-P. Chen and B. Tromberg},
  title = {Optical imaging of breast cancer oxyhemoglobin flare correlates with neoadjuvant chemotherapy response one day after starting treatment},
  journal = {Proceedings of the National Academy of Sciences}
}

@article{tank2020,
  doi = {10.1186/s13058-020-01262-1},
  url = {https://doi.org/10.1186/s13058-020-01262-1},
  year = {2020},
  month = mar,
  publisher = {Springer Science and Business Media {LLC}},
  volume = {22},
  number = {1},
  author = {Anup Tank and Hannah M. Peterson and Vivian Pera and Syeda Tabassum and Anais Leproux and Thomas O'Sullivan and Eric Jones and Howard Cabral and Naomi Ko and Rita S. Mehta and Bruce J.    Tromberg and Darren Roblyer},
  title = {Diffuse optical spectroscopic imaging reveals distinct early breast tumor hemodynamic responses to metronomic and maximum tolerated dose regimens},
  journal = {Breast Cancer Research}
}

@article{skala2010,
  doi = {10.1117/1.3285584},
  url = {https://doi.org/10.1117/1.3285584},
  year = {2010},
  publisher = {{SPIE}-Intl Soc Optical Eng},
  volume = {15},
  number = {1},
  pages = {011112},
  author = {Melissa C. Skala and Andrew Fontanella and Lan Lan and Joseph A. Izatt and Mark W. Dewhirst},
  title = {Longitudinal optical imaging of tumor metabolism and hemodynamics},
  journal = {Journal of Biomedical Optics}
}

@article{pavlov2018,
  doi = {10.1117/1.jbo.23.9.091410},
  url = {https://doi.org/10.1117/1.jbo.23.9.091410},
  year = {2018},
  month = may,
  publisher = {{SPIE}-Intl Soc Optical Eng},
  volume = {23},
  number = {09},
  pages = {1},
  author = {Mikhail Viktorovich Pavlov and Tatyana Igorevna Kalganova and Yekaterina Sergeevna Lyubimtseva},
  title = {Multimodal approach in assessment of the response of breast cancer to neoadjuvant chemotherapy},
  journal = {Journal of Biomedical Optics}
}

@article{demidov2018,
  doi = {10.1038/s41598-017-18635-w},
  url = {https://doi.org/10.1038/s41598-017-18635-w},
  year = {2018},
  month = jan,
  publisher = {Springer Science and Business Media {LLC}},
  volume = {8},
  number = {1},
  author = {Valentin Demidov and Azusa Maeda and Mitsuro Sugita and Victoria Madge and Siddharth Sadanand and Costel Flueraru and I. Alex Vitkin},
  title = {Preclinical longitudinal imaging of tumor microvascular radiobiological response with functional optical coherence tomography},
  journal = {Scientific Reports}
}

@article{guo2013,
  doi = {10.1186/1471-2288-13-100},
  url = {https://doi.org/10.1186/1471-2288-13-100},
  year = {2013},
  month = jul,
  publisher = {Springer Science and Business Media {LLC}},
  volume = {13},
  number = {1},
  author = {Yi Guo and Henrietta L Logan and Deborah H Glueck and Keith E Muller},
  title = {Selecting a sample size for studies with repeated measures},
  journal = {{BMC} Medical Research Methodology}
}

@article{schober2018,
  doi = {10.1213/ane.0000000000003511},
  url = {https://doi.org/10.1213/ane.0000000000003511},
  year = {2018},
  month = aug,
  publisher = {Ovid Technologies (Wolters Kluwer Health)},
  volume = {127},
  number = {2},
  pages = {569--575},
  author = {Patrick Schober and Thomas R. Vetter},
  title = {Repeated Measures Designs and Analysis of Longitudinal Data},
  journal = {Anesthesia {\&} Analgesia}
}

@article{gueorguieva2004,
  doi = {10.1001/archpsyc.61.3.310},
  url = {https://doi.org/10.1001/archpsyc.61.3.310},
  year = {2004},
  month = mar,
  publisher = {American Medical Association ({AMA})},
  volume = {61},
  number = {3},
  pages = {310},
  author = {Ralitza Gueorguieva and John H. Krystal},
  title = {Move Over {ANOVA}},
  journal = {Archives of General Psychiatry}
}

@book{fitzmaurice2012,
  title={Applied longitudinal analysis},
  author={Fitzmaurice, Garrett M and Laird, Nan M and Ware, James H},
  volume={998},
  year={2012},
  publisher={John Wiley \& Sons}
}

@article{liu2010,
  doi = {10.1038/mt.2010.127},
  url = {https://doi.org/10.1038/mt.2010.127},
  year = {2010},
  month = sep,
  publisher = {Elsevier {BV}},
  volume = {18},
  number = {9},
  pages = {1724--1730},
  author = {Chunyan Liu and Timothy P Cripe and Mi-Ok Kim},
  title = {Statistical Issues in Longitudinal Data Analysis for Treatment Efficacy Studies in the Biomedical Sciences},
  journal = {Molecular Therapy}
}

@book{west2014,
  title={Linear Mixed Models: A Practical Guide Using Statistical Software, Second Edition},
  author={West, B.T. and Welch, K.B. and Galecki, A.T.},
  isbn={9781466560994},
  lccn={2014010347},
  url={https://books.google.com/books?id=hjT6AwAAQBAJ},
  year={2014},
  publisher={Taylor \& Francis}
}

@article{grice2010,
  doi = {10.1073/pnas.1004204107},
  url = {https://doi.org/10.1073/pnas.1004204107},
  year = {2010},
  month = jul,
  publisher = {Proceedings of the National Academy of Sciences},
  volume = {107},
  number = {33},
  pages = {14799--14804},
  author = {E. A. Grice and E. S. Snitkin and L. J. Yockey and D. M. Bermudez and K. W. Liechty and J. A. Segre and J. Mullikin and R. Blakesley and A. Young and G. Chu and C. Ramsahoye and S.        Lovett and J. Han and R. Legaspi and T. Fuksenko and N. Reddix-Dugue and C. Sison and M. Gregory and C. Montemayor and M. Gestole and A. Hargrove and T. Johnson and J. Myrick and N. Riebow and B.   Schmidt and B. Novotny and J. Gupti and B. Benjamin and S. Brooks and H. Coleman and S.-l. Ho and K. Schandler and L. Smith and M. Stantripop and Q. Maduro and G. Bouffard and M. Dekhtyar and X.    Guan and C. Masiello and B. Maskeri and J. McDowell and M. Park and P. Jacques Thomas and},
  title = {Longitudinal shift in diabetic wound microbiota correlates with prolonged skin defense response},
  journal = {Proceedings of the National Academy of Sciences}
}

@article{young1994,
  doi = {10.1111/1523-1747.ep12398424},
  url = {https://doi.org/10.1111/1523-1747.ep12398424},
  year = {1994},
  month = nov,
  publisher = {Elsevier {BV}},
  volume = {103},
  number = {5},
  pages = {660--664},
  author = {Patty K Young and Frederick Grinnell},
  title = {Metalloproteinase Activation Cascade After Burn Injury: A Longitudinal Analysis of the Human Wound Environment},
  journal = {Journal of Investigative Dermatology}
}

@incollection{wagenmakers2008,
  doi = {10.1007/978-0-387-09612-4_9},
  url = {https://doi.org/10.1007/978-0-387-09612-4_9},
  year = {2008},
  publisher = {Springer New York},
  pages = {181--207},
  author = {Eric-Jan Wagenmakers and Michael Lee and Tom Lodewyckx and Geoffrey J. Iverson},
  title = {Bayesian Versus Frequentist Inference},
  booktitle = {Bayesian Evaluation of Informative Hypotheses}
}

@article{ugrinowitsch2004,
  doi = {10.1249/01.mss.0000147580.40591.75},
  url = {https://doi.org/10.1249/01.mss.0000147580.40591.75},
  year = {2004},
  month = dec,
  publisher = {Ovid Technologies (Wolters Kluwer Health)},
  pages = {2144--2148},
  author = {Carlos Ugrinowitsch and Gilbert W. Fellingham and Mark D. Ricard},
  title = {Limitations of Ordinary Least Squares Models in Analyzing Repeated Measures Data},
  journal = {Medicine {\&} Science in Sports {\&} Exercise}
}

@article{lane2016,
  doi = {10.20982/tqmp.12.2.p114},
  url = {https://doi.org/10.20982/tqmp.12.2.p114},
  year = {2016},
  month = sep,
  publisher = {The Quantitative Methods for Psychology},
  volume = {12},
  number = {2},
  pages = {114--122},
  author = {David M. Lane},
  title = {The assumption of sphericity in repeated-measures designs: What it means and what to do when it is violated},
  journal = {The Quantitative Methods for Psychology}
}
